@online{synclab,
    title   = {Sito ufficiale SyncLab},
    url     = {https://www.synclab.it/}
}

@online{corso,
    title   = {Corso su Udemy},
    url     = {https://www.udemy.com/course/learn-flutter-dart-to-build-ios-android-apps/}
}

@online{statistiche,
    title   = {Statistiche uso smartphone},
    url     = {https://www.bintmusic.it/uso-smartphone-statistiche-controllo/}
}

@online{sviluppo,
    title   = {Metodi per sviluppare un'applicazione mobile},
    url     = {https://pan-webdesign.it/pages/sviluppo-applicazioni-mobile-possibili-scenari-metodi-applicativi.html}
}

@online{differenza,
    title   = {Differenza tra app native, ibride e webapp},
    url     = {http://www.mr-apps.com/it/blog/la-differenza-tra-app-native-app-ibride-e-web-app}
}

@online{apptonative,
    title   = {Principali differenze tra le varie piattaforme per lo sviluppo mobile},
    url     = {https://www.icicletech.com/blog/react-native-flutter-ionic-xamarin-nativescript}
}

@online{dart,
    title   = {Sito ufficiale di Dart},
    url     = {https://dart.dev/}
}

@online{dartover,
    title   = {Panoramica Dart},
    url     = {https://dart.dev/overview}
}

@online{flutter,
    title   = {Sito ufficiale di Flutter},
    url     = {https://flutter.dev/}
}

@online{flutterprogramma,
    title   = {Caratteristiche Flutter},
    url     = {https://www.ionos.it/digitalguide/siti-web/programmazione-del-sito-web/cose-flutter/}
}

@online{fluttermobile,
    title   = {Utilizzo di Flutter per il mobile},
    url     = {https://nix-united.com/blog/the-pros-and-cons-of-flutter-in-mobile-application-development/#benefits}
}

@online{flutterd,
    title   = {Architettura e Widget Flutter},
    url     = {https://flutter.dev/docs/resources/architectural-overview}
}

@online{dartstoria,
    title   = {Sito wikipedia di Dart},
    url     = {https://it.wikipedia.org/wiki/Dart_(linguaggio)}
}


@online{flutterdettagli,
    title   = {Framework Flutter},
    url     = {https://www.html.it/pag/377313/il-framework-dettagli-tecnici/}
}

@online{state,
    title   = {Stati dei Widget},
    url     = {https://www.html.it/pag/378347/stateful-e-stateless-widget-le-fondamenta-di-unapp-flutter/}
}

@online{scaffold,
    title   = {Documentazione su Scaffold},
    url     = {https://www.geeksforgeeks.org/scaffold-class-in-flutter-with-examples/}
}

@online{scrum,
    title   = {Scrum},
    url     = {https://it.wikipedia.org/wiki/Scrum_(informatica)}
}

@online{amazon,
    title   = {Sito ufficiale Amazon},
    url     = {https://www.amazon.it/}
}

@online{samsung,
    title   = {Sito ufficiale Samsung},
    url     = {https://www.samsung.com/it/}
}

@online{huawei,
    title   = {Sito ufficiale Huawei},
    url     = {https://consumer.huawei.com/it/}
}

@online{kotlin,
    title   = {Documentazione Kotlin},
    url     = {https://developer.android.com/kotlin}
}

@online{java,
    title   = {Descrizione Java},
    url     = {https://it.wikipedia.org/wiki/Java_(linguaggio_di_programmazione)}
}

@online{swift,
    title   = {Documentazione Swift},
    url     = {https://developer.apple.com/swift/}
}

@online{angular,
    title   = {Documentazione Angular},
    url     = {https://angular.io/}
}

@online{polymer,
    title   = {Descrizione Polymer (library)},
    url     = {https://en.wikipedia.org/wiki/Polymer_(library)}
}

@online{react,
    title   = {Documentazione React},
    url     = {https://it.reactjs.org/}
}

@online{css,
    title   = {Descrizione CSS},
    url     = {https://it.wikipedia.org/wiki/CSS}
}

@online{sass,
    title   = {Descrizione Sass},
    url     = {https://it.wikipedia.org/wiki/Sass}
}

@online{ionic,
    title   = {Documentazione Ionic},
    url     = {https://ionicframework.com/}
}

@online{apache,
    title   = {Documentazione Apache Cordova},
    url     = {https://cordova.apache.org/}
}

@online{phonegap,
    title   = {Descrizione PhoneGap},
    url     = {https://it.wikipedia.org/wiki/Adobe_PhoneGap}
}

@online{reactnative,
    title   = {Documentazione React Native},
    url     = {https://reactnative.dev/}
}

@online{nativescript,
    title   = {Documentazione NativeScript},
    url     = {https://nativescript.org/}
}

@online{xamarin,
    title   = {Descrizione Xamarin},
    url     = {https://dotnet.microsoft.com/apps/xamarin}
}

@online{stat,
    title   = {Statistiche uso Flutter e altri framework},
    url     = {https://ichi.pro/it/quanto-costa-assumere-uno-sviluppatore-di-app-flutter-nel-2021-248413680178499}
}

@online{lib,
    title   = {Librerie Material e Cupertino},
    url     = {https://aurimas-deimantas.medium.com/p1-flutter-making-platform-specific-ui-mobile-application-android-with-material-ios-with-b50bc958a31}
}

@online{card,
    title   = {Card},
    url     = {https://material.io/components/cards/flutter#card}
}

@online{android,
    title   = {Sito ufficiale Android},
    url     = {https://www.android.com/intl/it_it/}
}

@online{repo,
    title   = {Repository progetto Sportwill},
    url     = {https://gitlab.synclab.it/padovaformazione/sportwill/}
}

@online{downdb,
    title   = {Download DBeaver},
    url     = {https://dbeaver.io/download/}
}

@online{pubbps,
    title   = {Documentazione Flutter per la pubblicazione su Play Store},
    url     = {https://flutter.dev/docs/deployment/android}
}

@online{microsoft,
    title   = {Sito ufficiale Microsoft},
    url     = {https://www.microsoft.com/it-it}
}
