@online{synclab,
    title   = {Sito SyncLab},
    url     = {https://www.synclab.it/}
}

@online{corso,
    title   = {Corso su Udemy},
    url     = {https://www.udemy.com/course/learn-flutter-dart-to-build-ios-android-apps/}
}

@online{statistiche,
    title   = {Statistiche uso smartphone},
    url     = {https://www.bintmusic.it/uso-smartphone-statistiche-controllo/}
}

@online{sviluppo,
    title   = {Metodi per sviluppare un'applicazione mobile},
    url     = {https://pan-webdesign.it/pages/sviluppo-applicazioni-mobile-possibili-scenari-metodi-applicativi.html}
}

@online{differenza,
    title   = {Differenza tra app native, ibride e webapp},
    url     = {http://www.mr-apps.com/it/blog/la-differenza-tra-app-native-app-ibride-e-web-app}
}

@online{apptonative,
    title   = {Principali piattaforme che compilano in nativo},
    url     = {https://www.icicletech.com/blog/react-native-flutter-ionic-xamarin-nativescript}
}

@online{dart,
    title   = {Sito ufficiale di Dart},
    url     = {https://dart.dev/}
}

@online{flutter,
    title   = {Sito ufficiale di Flutter},
    url     = {https://flutter.dev/}
}

@online{flutterprogramma,
    title   = {Caratteristiche Flutter},
    url     = {https://www.ionos.it/digitalguide/siti-web/programmazione-del-sito-web/cose-flutter/}
}

@online{fluttermobile,
    title   = {Utilizzo di Flutter per il mobile},
    url     = {https://nix-united.com/blog/the-pros-and-cons-of-flutter-in-mobile-application-development/#benefits}
}

@online{dartstoria,
    title   = {Sito wikipedia di Dart},
    url     = {https://it.wikipedia.org/wiki/Dart_(linguaggio)}
}


@online{flutterdettagli,
    title   = {Framework Flutter},
    url     = {https://www.html.it/pag/377313/il-framework-dettagli-tecnici/}
}

@online{state,
    title   = {Stati dei Widget},
    url     = {https://www.html.it/pag/378347/stateful-e-stateless-widget-le-fondamenta-di-unapp-flutter/}
}

@online{scaffold,
    title   = {Documentazione su Scaffold},
    url     = {https://www.geeksforgeeks.org/scaffold-class-in-flutter-with-examples/}
}

